@article{bidabad2007classification,
  title={A classification of some Finsler connections and their applications},
  author={Bidabad, Behroz and Tayebi, Akbar},
  journal={arXiv preprint arXiv:0710.2816},
  year={2007}
}
@book{aa,
  title={هندسه‌ی منیفلد},
  author={دکتر بهروز بیدآباد},
  publisher={دانشگاه صنعتی امیرکبیر},
  year={1389},
 LANGUAGE ={Persian}
}
@article{Golnik2011,
  doi = {10.1016/j.ophtha.2010.09.023},
  url = {https://doi.org/10.1016/j.ophtha.2010.09.023},
  year = {2011},
  month = feb,
  publisher = {Elsevier {BV}},
  volume = {118},
  number = {2},
  pages = {427--427.e5},
  author = {Karl C. Golnik and Hilary Beaver and Vinod Gauba and Andrew G. Lee and Eduardo Mayorga and Gabriela Palis and George M. Saleh},
  title = {Cataract Surgical Skill Assessment},
  journal = {Ophthalmology}
}