@misc{b1,
  howpublished={\url{\href{https://github.com/MJAHMADEE/ARASLaTeXFormats}{گیتهاب (\lr{GitHub})}}}
}
@book{b2,
      author        = "Astrom, Karl J and Hagglund, Tore",
      title         = "{Advanced PID control}",
      publisher     = "ISA",
      address       = "Advanced PID control",
      year          = "2006",
      url           = "https://cds.cern.ch/record/1514097",
      note          = "The book can be consulted by contacting: BE-ABP: Sosin,
                       Mateusz",
}
@book{b3,
  title={Control Engineering: A Modern Approach},
  author={B{\'e}langer, P.},
  isbn={9780030134890},
  lccn={94067281},
  url={https://books.google.de/books?id=IlVGAAAAYAAJ},
  year={1995},
  publisher={Saunders College Pub.}
}
